@article{analisis,
  title={Marketsandmarkets Agriculture IoT Market; Report; Markets and Markets: Pune, India;},
  author={Mao, Shiwen and Bushmitch, Dennis and Narayanan, Sathya and Panwar, Shivendra S},
  url={https://www.marketsandmarkets.com/Market-Reports/iot-in-agriculture-market-199564903.html},
  year={2020},
}

@article{sacco,
  title={Crop Management with the IoT: An Interdisciplinary Survey},
  author={Sacco, Alessio and Flocco, Matteo and Esposito, Flavio and Machetto, Guido},
  url={https://doi.org/10.1016/j.comcom.2020.07.011},
  year={2020},
  journal={Science Direct}
}

@article{ali,
  title={A Survey of Machine and Deep Learning Methods for Internet of Things (IoT) Security},
  author={Mohammed Ali Al-Garadi and Amr Mohamed and Abdulla Khalid Al-Ali and Xiaojiang Du and Ihsan Ali and Mohsen Guizani},
  url={https://ieeexplore.ieee.org/document/9072101},
  year={2020},
}

@article{nguyen,
  title={Machine Learning Model Management using Cloud-Native Technologies for IoT},
  author={Hieu Nguyen},
  url={https://aaltodoc.aalto.fi/handle/123456789/102472},
  year={2021},
}

@article{vitali,
  title={Crop Management with the IoT: An Interdisciplinary Survey},
  author={Vitali, G. and Francia, M. and Golfarelli, M. and Canavari, M},
  url={https://doi.org/10.3390/agronomy11010181},
  year={2021},
  journal={MDPI}
}

@article{hameed,
  title={Realizing an Effective COVID-19 Diagnosis
  System Based on Machine Learning and IOT in
  Smart Hospital Environment},
  author={Karrar Hameed Abdulkareem and Mazin Abed Mohammed and Ahmad Salim and Muhammad Arif and Oana
  Geman and Deepak Gupta and Ashish Khanna},
  url={https://ieeexplore.ieee.org/document/9319693},
  year={2021},
}

@article{maram,
  title={Study of Machine Learning for Cloud Assisted IoT Security as a Service},
  author={Maram Alsharif and Danda B. Rawat},
  url={https://www.mdpi.com/1424-8220/21/4/1034},
  year={2021},
  publisher={MDPI}
}

@article{vikas,
  title={A survey on IoT security: application areas, security
  threats, and solution architectures.},
  author={HASSIJA, Vikas et al.},
  year={2019},
  publisher={IEEE},
  journal={IEEE Access},
  volume={7},
  pages={82721-82743}
}

@article{hasan,
  title={A survey on IoT security: application areas, security
  threats, and solution architectures.},
  author={Mahmudul Hasan and Md. Milon Islam and Md Ishrak Islam Zarif and M.M.A. Hashem},
  year={2019},
  publisher={Science Direct},
  url={https://doi.org/10.1016/j.iot.2019.100059}
}

@article{hussain,
  title={Machine learning in IoT security: current solutions and future challenges.},
  author={HUSSAIN, Fatima et al.},
  year={2020},
  publisher={IEEE},
  journal={IEEE Communications Surveys}
}
